<record><leader>00000cas a2200000 a 4500</leader><controlfield tag="001">9466806</controlfield><controlfield tag="008">830430d18401840nyudr ne      0    0eng c</controlfield><datafield ind1=" " ind2=" " tag="010"><subfield code="a">sn 83030363 </subfield></datafield><datafield ind1=" " ind2=" " tag="040"><subfield code="a">NPU</subfield><subfield code="b">eng</subfield><subfield code="c">NPU</subfield><subfield code="d">NPX</subfield><subfield code="d">DLC</subfield><subfield code="d">NPX</subfield><subfield code="d">NYS</subfield><subfield code="d">NVF</subfield><subfield code="d">OCL</subfield><subfield code="d">NYS</subfield><subfield code="d">OCLCQ</subfield><subfield code="d">OCLCF</subfield><subfield code="d">OCLCO</subfield></datafield><datafield ind1="1" ind2=" " tag="029"><subfield code="a">AU@</subfield><subfield code="b">000020126321</subfield></datafield><datafield ind1=" " ind2=" " tag="042"><subfield code="a">pcc</subfield></datafield><datafield ind1=" " ind2=" " tag="043"><subfield code="a">n-us-ny</subfield></datafield><datafield ind1="0" ind2="0" tag="050"><subfield code="a">Newspaper 8829-X</subfield></datafield><datafield ind1="0" ind2="0" tag="245"><subfield code="a">Dispatch and tattler.</subfield></datafield><datafield ind1="1" ind2="3" tag="246"><subfield code="a">Dispatch tattler</subfield></datafield><datafield ind1=" " ind2=" " tag="260"><subfield code="a">New York [N.Y.] :</subfield><subfield code="b">Wilson and Co.</subfield></datafield><datafield ind1=" " ind2=" " tag="300"><subfield code="a">v. ;</subfield><subfield code="c">47 cm.</subfield></datafield><datafield ind1=" " ind2=" " tag="310"><subfield code="a">Daily</subfield></datafield><datafield ind1="1" ind2=" " tag="362"><subfield code="a">Began in Feb. 1840; ceased with May 17, 1840 issue?</subfield><subfield code="z">Cf. Gregory, W. Amer. newspapers.</subfield></datafield><datafield ind1=" " ind2=" " tag="500"><subfield code="a">"And" appears within title ornament, Mar. 3, 1840.</subfield></datafield><datafield ind1=" " ind2=" " tag="500"><subfield code="a">Editor: H. Hastings Weld.</subfield></datafield><datafield ind1=" " ind2=" " tag="580"><subfield code="a">Weekly ed.: Brother Jonathan (New York, N.Y. : 1839).</subfield></datafield><datafield ind1=" " ind2=" " tag="588"><subfield code="a">Description based on: No. 262 (Feb. 18, 1840).</subfield></datafield><datafield ind1=" " ind2="0" tag="651"><subfield code="a">New York (N.Y.)</subfield><subfield code="v">Newspapers.</subfield></datafield><datafield ind1=" " ind2="0" tag="651"><subfield code="a">New York County (N.Y.)</subfield><subfield code="v">Newspapers.</subfield></datafield><datafield ind1=" " ind2="7" tag="655"><subfield code="a">Newspapers.</subfield><subfield code="2">fast</subfield><subfield code="0">(OCoLC)fst01423814</subfield></datafield><datafield ind1=" " ind2="7" tag="651"><subfield code="a">New York (State)</subfield><subfield code="z">New York.</subfield><subfield code="2">fast</subfield><subfield code="0">(OCoLC)fst01204333</subfield></datafield><datafield ind1=" " ind2="7" tag="651"><subfield code="a">New York (State)</subfield><subfield code="z">New York County.</subfield><subfield code="2">fast</subfield><subfield code="0">(OCoLC)fst01234953</subfield></datafield><datafield ind1=" " ind2=" " tag="752"><subfield code="a">United States</subfield><subfield code="b">New York</subfield><subfield code="c">New York</subfield><subfield code="d">New York.</subfield></datafield><datafield ind1="1" ind2=" " tag="775"><subfield code="t">Brother Jonathan (New York, N.Y. : 1839)</subfield><subfield code="w">(DLC)sn 83030224</subfield><subfield code="w">(OCoLC)9439488</subfield></datafield><datafield ind1="0" ind2="4" tag="780"><subfield code="t">Evening tattler (New York, N.Y. : 1839)</subfield><subfield code="w">(DLC)sn 83030361</subfield><subfield code="w">(OCoLC)9449721</subfield></datafield><datafield ind1="0" ind2="4" tag="780"><subfield code="t">Morning dispatch (New York, N.Y.)</subfield><subfield code="w">(DLC)sn 83030365</subfield><subfield code="w">(OCoLC)9448454</subfield></datafield><datafield ind1="0" ind2="0" tag="785"><subfield code="t">Evening tattler (New York, N.Y. : 1840)</subfield><subfield code="w">(DLC)sn 83030366</subfield><subfield code="w">(OCoLC)9466950</subfield></datafield></record>